<collection xmlns="http://www.loc.gov/MARC21/slim">
<record>
  <leader>00852nam0a22001931i 450 </leader>
  <controlfield tag="001">IT\ICCU\CNCE\041627</controlfield>
  <controlfield tag="005">20060731000000.0</controlfield>
  <datafield tag="012" ind1=" " ind2=" ">
    <subfield code="a">e-me ioio mame tast (3) 1600 (R)</subfield>
    <subfield code="2">fei</subfield>
  </datafield>
  <datafield tag="100" ind1=" " ind2=" ">
    <subfield code="a">19981127d1600        0itac0103    ba</subfield>
  </datafield>
  <datafield tag="101" ind1=" " ind2=" ">
    <subfield code="a">ITA</subfield>
  </datafield>
  <datafield tag="102" ind1=" " ind2=" ">
    <subfield code="a">IT</subfield>
  </datafield>
  <datafield tag="200" ind1="1" ind2=" ">
    <subfield code="a">℗Le ℗cose merauigliose dell&apos;alma citt ̉di Roma, anfiteatro del mondo. Con le chiese et antichit ̉rapresentate in disegno da Girolamo Francino. Con l&apos;aggiunta del dottor Prospero Parisio ...</subfield>
  </datafield>
  <datafield tag="210" ind1=" " ind2=" ">
    <subfield code="a">In Roma</subfield>
    <subfield code="c">ad instanza di Gio. Antonio Franzini</subfield>
    <subfield code="d">1600</subfield>
    <subfield code="e">appresso Andrea Fei</subfield>
    <subfield code="h">&amp; Antonio Facchetti</subfield>
  </datafield>
  <datafield tag="215" ind1=" " ind2=" ">
    <subfield code="a">\8!, 364 p.</subfield>
    <subfield code="c">ill.</subfield>
    <subfield code="d">8ʻ</subfield>
  </datafield>
  <datafield tag="300" ind1=" " ind2=" ">
    <subfield code="a">ANNULLATA, PERCHE&apos; IDENTICA AL CNC 40908!!</subfield>
  </datafield>
  <datafield tag="620" ind1=" " ind2=" ">
    <subfield code="a">IT</subfield>
    <subfield code="d">Roma</subfield>
  </datafield>
  <datafield tag="712" ind1="0" ind2="0">
    <subfield code="a">Franzini, Giovanni Antonio</subfield>
    <subfield code="3">IT\ICCU\CNCT\003343</subfield>
    <subfield code="4">650</subfield>
  </datafield>
  <datafield tag="712" ind1="0" ind2="0">
    <subfield code="a">Fei, Andrea &amp; Facchetti, Antonio</subfield>
    <subfield code="3">IT\ICCU\CNCT\000966</subfield>
    <subfield code="4">650</subfield>
  </datafield>
  <datafield tag="801" ind1=" " ind2="3">
    <subfield code="a">IT</subfield>
    <subfield code="b">ICCU</subfield>
    <subfield code="c">20201114</subfield>
  </datafield>
</record>
</collection>
